<record><leader>00000cas a22000007a 4500</leader><controlfield tag="001">9840374</controlfield><controlfield tag="008">830824d18901905ksuwr ne      0    0eng d</controlfield><controlfield tag="009">3789</controlfield><datafield ind1=" " ind2=" " tag="010"><subfield code="a">sn 83040476 </subfield></datafield><datafield ind1=" " ind2=" " tag="040"><subfield code="a">KSH</subfield><subfield code="b">eng</subfield><subfield code="c">KSH</subfield><subfield code="d">NPT</subfield></datafield><datafield ind1="1" ind2=" " tag="029"><subfield code="a">AU@</subfield><subfield code="b">000025797646</subfield></datafield><datafield ind1=" " ind2=" " tag="042"><subfield code="a">msc</subfield></datafield><datafield ind1=" " ind2=" " tag="043"><subfield code="a">n-us-ks</subfield></datafield><datafield ind1="0" ind2=" " tag="130"><subfield code="a">Industrial advocate (Augusta, Kan.)</subfield></datafield><datafield ind1="0" ind2="4" tag="245"><subfield code="a">The industrial advocate.</subfield></datafield><datafield ind1=" " ind2=" " tag="260"><subfield code="a">Augusta, Kan. :</subfield><subfield code="b">[s.n.],</subfield><subfield code="c">1890-1905.</subfield></datafield><datafield ind1=" " ind2=" " tag="300"><subfield code="a">15 v. :</subfield><subfield code="b">ill. ;</subfield><subfield code="c">60 cm.</subfield></datafield><datafield ind1=" " ind2=" " tag="310"><subfield code="a">Weekly</subfield></datafield><datafield ind1="0" ind2=" " tag="362"><subfield code="a">Vol. 1, no. 1 (Aug. 7, 1890)-v. 15, no. 44 (Apr. 21, 1905).</subfield></datafield><datafield ind1=" " ind2=" " tag="500"><subfield code="a">Published in El Dorado, Kan. Mar. 19, 1891-Apr. 21, 1905.</subfield></datafield><datafield ind1=" " ind2=" " tag="500"><subfield code="a">Published on Thursday.</subfield></datafield><datafield ind1=" " ind2=" " tag="530"><subfield code="a">Available on microfilm from Micro Photo.</subfield></datafield><datafield ind1=" " ind2=" " tag="550"><subfield code="a">Official organ of: The Farmer's Alliance and Industrial Unions of Butler County.</subfield></datafield><datafield ind1=" " ind2=" " tag="500"><subfield code="a">Editor: Walter L. Holcomb.</subfield></datafield><datafield ind1="1" ind2=" " tag="700"><subfield code="a">Holcomb, Walter L.</subfield></datafield><datafield ind1=" " ind2=" " tag="752"><subfield code="a">United States</subfield><subfield code="b">Kansas</subfield><subfield code="c">Butler</subfield><subfield code="d">Augusta.</subfield></datafield><datafield ind1=" " ind2=" " tag="752"><subfield code="a">United States</subfield><subfield code="b">Kansas</subfield><subfield code="c">Butler</subfield><subfield code="d">El Dorado.</subfield></datafield><datafield ind1="0" ind2="5" tag="780"><subfield code="t">Butler County democrat (El Dorado, Kan. : 1889)</subfield><subfield code="g">Apr. 1891</subfield><subfield code="w">(DLC)sn 83040464</subfield></datafield><datafield ind1="0" ind2="5" tag="780"><subfield code="t">Butler County citizen</subfield><subfield code="g">Jan. 1895</subfield><subfield code="w">(DLC)sn 83040457</subfield></datafield><datafield ind1="0" ind2="0" tag="785"><subfield code="t">Advocate (El Dorado, Kan.)</subfield><subfield code="w">(DLC)sn 83040468</subfield></datafield></record>